@ARTICLE{Allende2001,
   author = {{Allende Prieto}, C. and {Lambert}, D.~L. and {Asplund}, M.},
    title = "{The Forbidden Abundance of Oxygen in the Sun}",
  journal = {\apjl},
   eprint = {astro-ph/0106360},
 keywords = {Sun: Abundances, Sun: Photosphere},
     year = 2001,
    month = jul,
   volume = 556,
    pages = {L63-L66},
      doi = {10.1086/322874},
   adsurl = {http://adsabs.harvard.edu/abs/2001ApJ...556L..63A},
  adsnote = {Provided by the SAO/NASA Astrophysics Data System}
}

@ARTICLE{Angles-Alcazar2014,
   author = {{Angl{\'e}s-Alc{\'a}zar}, D. and {Dav{\'e}}, R. and {{\"O}zel}, F. and 
	{Oppenheimer}, B.~D.},
    title = "{Cosmological Zoom Simulations of z = 2 Galaxies: The Impact of Galactic Outflows}",
  journal = {\apj},
archivePrefix = "arXiv",
   eprint = {1303.6959},
 keywords = {galaxies: evolution, galaxies: formation, galaxies: high-redshift, galaxies: kinematics and dynamics, galaxies: structure},
     year = 2014,
    month = feb,
   volume = 782,
      eid = {84},
    pages = {84},
      doi = {10.1088/0004-637X/782/2/84},
   adsurl = {http://adsabs.harvard.edu/abs/2014ApJ...782...84A},
  adsnote = {Provided by the SAO/NASA Astrophysics Data System}
}

@ARTICLE{Atek2014,
   author = {{Atek}, H. and {Kneib}, J.-P. and {Pacifici}, C. and {Malkan}, M. and 
	{Charlot}, S. and {Lee}, J. and {Bedregal}, A. and {Bunker}, A.~J. and 
	{Colbert}, J.~W. and {Dressler}, A. and {Hathi}, N. and {Lehnert}, M. and 
	{Martin}, C.~L. and {McCarthy}, P. and {Rafelski}, M. and {Ross}, N. and 
	{Siana}, B. and {Teplitz}, H.~I.},
    title = "{Hubble Space Telescope Grism Spectroscopy of Extreme Starbursts across Cosmic Time: The Role of Dwarf Galaxies in the Star Formation History of the Universe}",
  journal = {\apj},
archivePrefix = "arXiv",
   eprint = {1406.4132},
 keywords = {cosmology: observations, galaxies: evolution, galaxies: statistics, infrared: galaxies, surveys},
     year = 2014,
    month = jul,
   volume = 789,
      eid = {96},
    pages = {96},
      doi = {10.1088/0004-637X/789/2/96},
   adsurl = {http://adsabs.harvard.edu/abs/2014ApJ...789...96A},
  adsnote = {Provided by the SAO/NASA Astrophysics Data System}
}

@ARTICLE{Behroozi2013,
   author = {{Behroozi}, P.~S. and {Wechsler}, R.~H. and {Conroy}, C.},
    title = "{The Average Star Formation Histories of Galaxies in Dark Matter Halos from z = 0-8}",
  journal = {\apj},
archivePrefix = "arXiv",
   eprint = {1207.6105},
 primaryClass = "astro-ph.CO",
 keywords = {dark matter, galaxies: abundances, galaxies: evolution, methods: numerical},
     year = 2013,
    month = jun,
   volume = 770,
      eid = {57},
    pages = {57},
      doi = {10.1088/0004-637X/770/1/57},
   adsurl = {http://adsabs.harvard.edu/abs/2013ApJ...770...57B},
  adsnote = {Provided by the SAO/NASA Astrophysics Data System}
}

@ARTICLE{Belli2013,
   author = {{Belli}, S. and {Jones}, T. and {Ellis}, R.~S. and {Richard}, J.
	},
    title = "{Testing the Universality of the Fundamental Metallicity Relation at High Redshift Using Low-mass Gravitationally Lensed Galaxies}",
  journal = {\apj},
archivePrefix = "arXiv",
   eprint = {1302.3614},
 keywords = {galaxies: abundances, galaxies: evolution, galaxies: high-redshift, gravitational lensing: strong},
     year = 2013,
    month = aug,
   volume = 772,
      eid = {141},
    pages = {141},
      doi = {10.1088/0004-637X/772/2/141},
   adsurl = {http://adsabs.harvard.edu/abs/2013ApJ...772..141B},
  adsnote = {Provided by the SAO/NASA Astrophysics Data System}
}

@ARTICLE{Bertin1996,
   author = {{Bertin}, E. and {Arnouts}, S.},
    title = "{SExtractor: Software for source extraction.}",
  journal = {\aaps},
 keywords = {METHODS: DATA ANALYSIS, TECHNIQUES: IMAGE PROCESSING, GALAXIES: PHOTOMETRY},
     year = 1996,
    month = jun,
   volume = 117,
    pages = {393-404},
      doi = {10.1051/aas:1996164},
   adsurl = {http://adsabs.harvard.edu/abs/1996A%26AS..117..393B},
  adsnote = {Provided by the SAO/NASA Astrophysics Data System}
}

@ARTICLE{Boylan-Kolchin2011,
   author = {{Boylan-Kolchin}, M. and {Bullock}, J.~S. and {Kaplinghat}, M.
	},
    title = "{Too big to fail? The puzzling darkness of massive Milky Way subhaloes}",
  journal = {\mnras},
archivePrefix = "arXiv",
   eprint = {1103.0007},
 primaryClass = "astro-ph.CO",
 keywords = {Galaxy: halo, galaxies: abundances, cosmology: theory, dark matter},
     year = 2011,
    month = jul,
   volume = 415,
    pages = {L40-L44},
      doi = {10.1111/j.1745-3933.2011.01074.x},
   adsurl = {http://adsabs.harvard.edu/abs/2011MNRAS.415L..40B},
  adsnote = {Provided by the SAO/NASA Astrophysics Data System}
}

@ARTICLE{Brammer2012,
   author = {{Brammer}, G.~B. and {S{\'a}nchez-Janssen}, R. and {Labb{\'e}}, I. and 
	{da Cunha}, E. and {Erb}, D.~K. and {Franx}, M. and {Fumagalli}, M. and 
	{Lundgren}, B. and {Marchesini}, D. and {Momcheva}, I. and {Nelson}, E. and 
	{Patel}, S. and {Quadri}, R. and {Rix}, H.-W. and {Skelton}, R.~E. and 
	{Schmidt}, K.~B. and {van der Wel}, A. and {van Dokkum}, P.~G. and 
	{Wake}, D.~A. and {Whitaker}, K.~E.},
    title = "{3D-HST Grism Spectroscopy of a Gravitationally Lensed, Low-metallicity Starburst Galaxy at z = 1.847}",
  journal = {\apjl},
archivePrefix = "arXiv",
   eprint = {1207.3795},
 keywords = {galaxies: dwarf, galaxies: formation, galaxies: high-redshift, galaxies: starburst},
     year = 2012,
    month = oct,
   volume = 758,
      eid = {L17},
    pages = {L17},
      doi = {10.1088/2041-8205/758/1/L17},
   adsurl = {http://adsabs.harvard.edu/abs/2012ApJ...758L..17B},
  adsnote = {Provided by the SAO/NASA Astrophysics Data System}
}

@ARTICLE{Bresolin2012,
   author = {{Bresolin}, F. and {Kennicutt}, R.~C. and {Ryan-Weber}, E.},
    title = "{Gas Metallicities in the Extended Disks of NGC 1512 and NGC 3621. Chemical Signatures of Metal Mixing or Enriched Gas Accretion?}",
  journal = {\apj},
archivePrefix = "arXiv",
   eprint = {1203.0956},
 keywords = {galaxies: abundances, galaxies: individual: NGC 1512 NGC 3621, galaxies: ISM},
     year = 2012,
    month = may,
   volume = 750,
      eid = {122},
    pages = {122},
      doi = {10.1088/0004-637X/750/2/122},
   adsurl = {http://adsabs.harvard.edu/abs/2012ApJ...750..122B},
  adsnote = {Provided by the SAO/NASA Astrophysics Data System}
}

@ARTICLE{Brook2011,
   author = {{Brook}, C.~B. and {Governato}, F. and {Ro{\v s}kar}, R. and 
	{Stinson}, G. and {Brooks}, A.~M. and {Wadsley}, J. and {Quinn}, T. and 
	{Gibson}, B.~K. and {Snaith}, O. and {Pilkington}, K. and {House}, E. and 
	{Pontzen}, A.},
    title = "{Hierarchical formation of bulgeless galaxies: why outflows have low angular momentum}",
  journal = {\mnras},
archivePrefix = "arXiv",
   eprint = {1010.1004},
 keywords = {galaxies: bulges, galaxies: evolution, galaxies: formation, galaxies: starburst},
     year = 2011,
    month = aug,
   volume = 415,
    pages = {1051-1060},
      doi = {10.1111/j.1365-2966.2011.18545.x},
   adsurl = {http://adsabs.harvard.edu/abs/2011MNRAS.415.1051B},
  adsnote = {Provided by the SAO/NASA Astrophysics Data System}
}

@ARTICLE{Brooks2014,
   author = {{Brooks}, A.~M. and {Zolotov}, A.},
    title = "{Why Baryons Matter: The Kinematics of Dwarf Spheroidal Satellites}",
  journal = {\apj},
archivePrefix = "arXiv",
   eprint = {1207.2468},
 keywords = {galaxies: dwarf, galaxies: evolution, galaxies: interactions, galaxies: kinematics and dynamics},
     year = 2014,
    month = may,
   volume = 786,
      eid = {87},
    pages = {87},
      doi = {10.1088/0004-637X/786/2/87},
   adsurl = {http://adsabs.harvard.edu/abs/2014ApJ...786...87B},
  adsnote = {Provided by the SAO/NASA Astrophysics Data System}
}

@ARTICLE{Bruzual2003,
   author = {{Bruzual}, G. and {Charlot}, S.},
    title = "{Stellar population synthesis at the resolution of 2003}",
  journal = {\mnras},
   eprint = {astro-ph/0309134},
 keywords = {stars: evolution, galaxies: evolution, galaxies: formation, galaxies: stellar content},
     year = 2003,
    month = oct,
   volume = 344,
    pages = {1000-1028},
      doi = {10.1046/j.1365-8711.2003.06897.x},
   adsurl = {http://adsabs.harvard.edu/abs/2003MNRAS.344.1000B},
  adsnote = {Provided by the SAO/NASA Astrophysics Data System}
}

@ARTICLE{Cardelli1989,
   author = {{Cardelli}, J.~A. and {Clayton}, G.~C. and {Mathis}, J.~S.},
    title = "{The relationship between infrared, optical, and ultraviolet extinction}",
  journal = {\apj},
 keywords = {Infrared Spectra, Interstellar Extinction, Ultraviolet Spectra, Visible Spectrum, Computational Astrophysics, Interstellar Matter, Iue},
     year = 1989,
    month = oct,
   volume = 345,
    pages = {245-256},
      doi = {10.1086/167900},
   adsurl = {http://adsabs.harvard.edu/abs/1989ApJ...345..245C},
  adsnote = {Provided by the SAO/NASA Astrophysics Data System}
}

@ARTICLE{Chabrier2003,
   author = {{Chabrier}, G.},
    title = "{The Galactic Disk Mass Function: Reconciliation of the Hubble Space Telescope and Nearby Determinations}",
  journal = {\apjl},
   eprint = {astro-ph/0302511},
 keywords = {Galaxy: Stellar Content, Stars: Low-Mass, Brown Dwarfs, Stars: Luminosity Function, Mass Function},
     year = 2003,
    month = apr,
   volume = 586,
    pages = {L133-L136},
      doi = {10.1086/374879},
   adsurl = {http://adsabs.harvard.edu/abs/2003ApJ...586L.133C},
  adsnote = {Provided by the SAO/NASA Astrophysics Data System}
}

@ARTICLE{Chiappini2001,
   author = {{Chiappini}, C. and {Matteucci}, F. and {Romano}, D.},
    title = "{Abundance Gradients and the Formation of the Milky Way}",
  journal = {\apj},
   eprint = {astro-ph/0102134},
 keywords = {Galaxy: Abundances, Galaxy: Evolution, Galaxy: Formation},
     year = 2001,
    month = jun,
   volume = 554,
    pages = {1044-1058},
      doi = {10.1086/321427},
   adsurl = {http://adsabs.harvard.edu/abs/2001ApJ...554.1044C},
  adsnote = {Provided by the SAO/NASA Astrophysics Data System}
}

@ARTICLE{Christensen2012,
   author = {{Christensen}, L. and {Richard}, J. and {Hjorth}, J. and {Milvang-Jensen}, B. and 
	{Laursen}, P. and {Limousin}, M. and {Dessauges-Zavadsky}, M. and 
	{Grillo}, C. and {Ebeling}, H.},
    title = "{The low-mass end of the fundamental relation for gravitationally lensed star-forming galaxies at 1 $\lt$ z $\lt$ 6}",
  journal = {\mnras},
archivePrefix = "arXiv",
   eprint = {1209.0767},
 primaryClass = "astro-ph.CO",
 keywords = {gravitational lensing: strong, galaxies: abundances, galaxies: distances and redshifts, galaxies: evolution, galaxies: high-redshift},
     year = 2012,
    month = dec,
   volume = 427,
    pages = {1953-1972},
      doi = {10.1111/j.1365-2966.2012.22006.x},
   adsurl = {http://adsabs.harvard.edu/abs/2012MNRAS.427.1953C},
  adsnote = {Provided by the SAO/NASA Astrophysics Data System}
}

@ARTICLE{Coleman2008,
   author = {{Coleman}, M.~G. and {de Jong}, J.~T.~A.},
    title = "{A Deep Survey of the Fornax dSph. I. Star Formation History}",
  journal = {\apj},
archivePrefix = "arXiv",
   eprint = {0805.1365},
 keywords = {galaxies: individual: Fornax dSph, Local Group, stars: formation},
     year = 2008,
    month = oct,
   volume = 685,
    pages = {933-946},
      doi = {10.1086/589992},
   adsurl = {http://adsabs.harvard.edu/abs/2008ApJ...685..933C},
  adsnote = {Provided by the SAO/NASA Astrophysics Data System}
}

@ARTICLE{Cresci2010,
   author = {{Cresci}, G. and {Mannucci}, F. and {Maiolino}, R. and {Marconi}, A. and 
	{Gnerucci}, A. and {Magrini}, L.},
    title = "{Gas accretion as the origin of chemical abundance gradients in distant galaxies}",
  journal = {\nat},
archivePrefix = "arXiv",
   eprint = {1010.2534},
     year = 2010,
    month = oct,
   volume = 467,
    pages = {811-813},
      doi = {10.1038/nature09451},
   adsurl = {http://adsabs.harvard.edu/abs/2010Natur.467..811C},
  adsnote = {Provided by the SAO/NASA Astrophysics Data System}
}

@ARTICLE{Dekel2009,
   author = {{Dekel}, A. and {Sari}, R. and {Ceverino}, D.},
    title = "{Formation of Massive Galaxies at High Redshift: Cold Streams, Clumpy Disks, and Compact Spheroids}",
  journal = {\apj},
archivePrefix = "arXiv",
   eprint = {0901.2458},
 primaryClass = "astro-ph.GA",
 keywords = {galaxies: elliptical and lenticular, cD, galaxies: evolution, galaxies: formation, galaxies: halos, galaxies: spiral},
     year = 2009,
    month = sep,
   volume = 703,
    pages = {785-801},
      doi = {10.1088/0004-637X/703/1/785},
   adsurl = {http://adsabs.harvard.edu/abs/2009ApJ...703..785D},
  adsnote = {Provided by the SAO/NASA Astrophysics Data System}
}

@ARTICLE{Dopita2013,
   author = {{Dopita}, M.~A. and {Sutherland}, R.~S. and {Nicholls}, D.~C. and 
	{Kewley}, L.~J. and {Vogt}, F.~P.~A.},
    title = "{New Strong-line Abundance Diagnostics for H II Regions: Effects of {$\kappa$}-distributed Electron Energies and New Atomic Data}",
  journal = {\apjs},
archivePrefix = "arXiv",
   eprint = {1307.5950},
 keywords = {atomic data, atomic processes, H II regions, ISM: abundances, plasmas },
     year = 2013,
    month = sep,
   volume = 208,
      eid = {10},
    pages = {10},
      doi = {10.1088/0067-0049/208/1/10},
   adsurl = {http://adsabs.harvard.edu/abs/2013ApJS..208...10D},
  adsnote = {Provided by the SAO/NASA Astrophysics Data System}
}

@ARTICLE{Faucher-Giguere2011,
   author = {{Faucher-Gigu{\`e}re}, C.-A. and {Kere{\v s}}, D. and {Ma}, C.-P.
	},
    title = "{The baryonic assembly of dark matter haloes}",
  journal = {\mnras},
archivePrefix = "arXiv",
   eprint = {1103.0001},
 keywords = {hydrodynamics, galaxies: evolution, galaxies: formation, galaxies: high-redshift, cosmology: theory},
     year = 2011,
    month = nov,
   volume = 417,
    pages = {2982-2999},
      doi = {10.1111/j.1365-2966.2011.19457.x},
   adsurl = {http://adsabs.harvard.edu/abs/2011MNRAS.417.2982F},
  adsnote = {Provided by the SAO/NASA Astrophysics Data System}
}

@ARTICLE{Few2012,
   author = {{Few}, C.~G. and {Gibson}, B.~K. and {Courty}, S. and {Michel-Dansac}, L. and 
	{Brook}, C.~B. and {Stinson}, G.~S.},
    title = "{Properties of simulated Milky Way-mass galaxies in loose group and field environments}",
  journal = {\aap},
archivePrefix = "arXiv",
   eprint = {1210.1030},
 keywords = {Local Group, Galaxy: formation, galaxies: evolution, methods: numerical},
     year = 2012,
    month = nov,
   volume = 547,
      eid = {A63},
    pages = {A63},
      doi = {10.1051/0004-6361/201219649},
   adsurl = {http://adsabs.harvard.edu/abs/2012A%26A...547A..63F},
  adsnote = {Provided by the SAO/NASA Astrophysics Data System}
}

@ARTICLE{Frye2012,
   author = {{Frye}, B.~L. and {Hurley}, M. and {Bowen}, D.~V. and {Meurer}, G. and 
	{Sharon}, K. and {Straughn}, A. and {Coe}, D. and {Broadhurst}, T. and 
	{Guhathakurta}, P.},
    title = "{Spatially Resolved HST Grism Spectroscopy of a Lensed Emission Line Galaxy at z \~{} 1}",
  journal = {\apj},
archivePrefix = "arXiv",
   eprint = {1205.2795},
 keywords = {cosmology: observations, galaxies: clusters: general, galaxies: clusters: individual: A1689, galaxies: distances and redshifts, galaxies: fundamental parameters},
     year = 2012,
    month = jul,
   volume = 754,
      eid = {17},
    pages = {17},
      doi = {10.1088/0004-637X/754/1/17},
   adsurl = {http://adsabs.harvard.edu/abs/2012ApJ...754...17F},
  adsnote = {Provided by the SAO/NASA Astrophysics Data System}
}

@ARTICLE{Fu2009,
   author = {{Fu}, J. and {Hou}, J.~L. and {Yin}, J. and {Chang}, R.~X.},
    title = "{Origin and Evolution of the Abundance Gradient Along the Milky Way Disk}",
  journal = {\apj},
archivePrefix = "arXiv",
   eprint = {0902.1014},
 primaryClass = "astro-ph.GA",
 keywords = {Galaxy: abundances, Galaxy: disk, Galaxy: evolution, Galaxy: formation},
     year = 2009,
    month = may,
   volume = 696,
    pages = {668-675},
      doi = {10.1088/0004-637X/696/1/668},
   adsurl = {http://adsabs.harvard.edu/abs/2009ApJ...696..668F},
  adsnote = {Provided by the SAO/NASA Astrophysics Data System}
}

@ARTICLE{Garrison-Kimmel2013,
   author = {{Garrison-Kimmel}, S. and {Rocha}, M. and {Boylan-Kolchin}, M. and 
	{Bullock}, J.~S. and {Lally}, J.},
    title = "{Can feedback solve the too-big-to-fail problem?}",
  journal = {\mnras},
archivePrefix = "arXiv",
   eprint = {1301.3137},
 primaryClass = "astro-ph.CO",
 keywords = {galaxies: haloes, Local Group, cosmology: theory, dark matter},
     year = 2013,
    month = aug,
   volume = 433,
    pages = {3539-3546},
      doi = {10.1093/mnras/stt984},
   adsurl = {http://adsabs.harvard.edu/abs/2013MNRAS.433.3539G},
  adsnote = {Provided by the SAO/NASA Astrophysics Data System}
}

@ARTICLE{Gibson2013,
   author = {{Gibson}, B.~K. and {Pilkington}, K. and {Brook}, C.~B. and 
	{Stinson}, G.~S. and {Bailin}, J.},
    title = "{Constraining sub-grid physics with high-redshift spatially-resolved metallicity distributions}",
  journal = {\aap},
archivePrefix = "arXiv",
   eprint = {1304.3020},
 keywords = {galaxies: abundances, galaxies: evolution, galaxies: formation, Galaxy: disk},
     year = 2013,
    month = jun,
   volume = 554,
      eid = {A47},
    pages = {A47},
      doi = {10.1051/0004-6361/201321239},
   adsurl = {http://adsabs.harvard.edu/abs/2013A%26A...554A..47G},
  adsnote = {Provided by the SAO/NASA Astrophysics Data System}
}

@ARTICLE{Governato2012,
   author = {{Governato}, F. and {Zolotov}, A. and {Pontzen}, A. and {Christensen}, C. and 
	{Oh}, S.~H. and {Brooks}, A.~M. and {Quinn}, T. and {Shen}, S. and 
	{Wadsley}, J.},
    title = "{Cuspy no more: how outflows affect the central dark matter and baryon distribution in {$\Lambda$} cold dark matter galaxies}",
  journal = {\mnras},
archivePrefix = "arXiv",
   eprint = {1202.0554},
 keywords = {hydrodynamics, galaxies: evolution, galaxies: formation, galaxies: star formation, dark matter},
     year = 2012,
    month = may,
   volume = 422,
    pages = {1231-1240},
      doi = {10.1111/j.1365-2966.2012.20696.x},
   adsurl = {http://adsabs.harvard.edu/abs/2012MNRAS.422.1231G},
  adsnote = {Provided by the SAO/NASA Astrophysics Data System}
}

@ARTICLE{Hendricks2014,
   author = {{Hendricks}, B. and {Koch}, A. and {Walker}, M. and {Johnson}, C.~I. and 
	{Pe{\~n}arrubia}, J. and {Gilmore}, G.},
    title = "{Insights from the outskirts: Chemical and dynamical properties in the outer parts of the Fornax dwarf spheroidal galaxy}",
  journal = {\aap},
archivePrefix = "arXiv",
   eprint = {1408.5597},
 keywords = {galaxies: individual: Fornax, galaxies: abundances, galaxies: evolution, galaxies: dwarf, galaxies: stellar content, galaxies: kinematics and dynamics},
     year = 2014,
    month = dec,
   volume = 572,
      eid = {A82},
    pages = {A82},
      doi = {10.1051/0004-6361/201424645},
   adsurl = {http://adsabs.harvard.edu/abs/2014A%26A...572A..82H},
  adsnote = {Provided by the SAO/NASA Astrophysics Data System}
}

@ARTICLE{Henry2013,
   author = {{Henry}, A. and {Scarlata}, C. and {Dom{\'{\i}}nguez}, A. and 
	{Malkan}, M. and {Martin}, C.~L. and {Siana}, B. and {Atek}, H. and 
	{Bedregal}, A.~G. and {Colbert}, J.~W. and {Rafelski}, M. and 
	{Ross}, N. and {Teplitz}, H. and {Bunker}, A.~J. and {Dressler}, A. and 
	{Hathi}, N. and {Masters}, D. and {McCarthy}, P. and {Straughn}, A.
	},
    title = "{Low Masses and High Redshifts: The Evolution of the Mass-Metallicity Relation}",
  journal = {\apjl},
archivePrefix = "arXiv",
   eprint = {1309.4458},
 keywords = {galaxies: abundances, galaxies: evolution},
     year = 2013,
    month = oct,
   volume = 776,
      eid = {L27},
    pages = {L27},
      doi = {10.1088/2041-8205/776/2/L27},
   adsurl = {http://adsabs.harvard.edu/abs/2013ApJ...776L..27H},
  adsnote = {Provided by the SAO/NASA Astrophysics Data System}
}

@ARTICLE{Hummer1987,
   author = {{Hummer}, D.~G. and {Storey}, P.~J.},
    title = "{Recombination-line intensities for hydrogenic ions. I - Case B calculations for H I and He II}",
  journal = {\mnras},
 keywords = {Helium, Hydrogen Ions, Infrared Spectroscopy, Ion Recombination, Line Spectra, Stellar Spectra, Collision Rates, Density Distribution, Electron Distribution, Ion Temperature, Ionic Collisions, Quantum Numbers},
     year = 1987,
    month = feb,
   volume = 224,
    pages = {801-820},
      doi = {10.1093/mnras/224.3.801},
   adsurl = {http://adsabs.harvard.edu/abs/1987MNRAS.224..801H},
  adsnote = {Provided by the SAO/NASA Astrophysics Data System}
}

@ARTICLE{Johnson2014,
   author = {{Johnson}, T.~L. and {Sharon}, K. and {Bayliss}, M.~B. and {Gladders}, M.~D. and 
	{Coe}, D. and {Ebeling}, H.},
    title = "{Lens Models and Magnification Maps of the Six Hubble Frontier Fields Clusters}",
  journal = {\apj},
archivePrefix = "arXiv",
   eprint = {1405.0222},
 keywords = {galaxies: clusters: individual:: A2744 MACS J0416.1-2403 MACS J0717.5+3745, galaxies: distances and redshifts, gravitational lensing: strong},
     year = 2014,
    month = dec,
   volume = 797,
      eid = {48},
    pages = {48},
      doi = {10.1088/0004-637X/797/1/48},
   adsurl = {http://adsabs.harvard.edu/abs/2014ApJ...797...48J},
  adsnote = {Provided by the SAO/NASA Astrophysics Data System}
}

@ARTICLE{Jones2010,
   author = {{Jones}, T. and {Ellis}, R. and {Jullo}, E. and {Richard}, J.
	},
    title = "{Measurement of a Metallicity Gradient in a z = 2 Galaxy: Implications for Inside-out Assembly Histories}",
  journal = {\apjl},
archivePrefix = "arXiv",
   eprint = {1010.1538},
 keywords = {galaxies: evolution, galaxies: high-redshift, gravitational lensing: strong},
     year = 2010,
    month = dec,
   volume = 725,
    pages = {L176-L180},
      doi = {10.1088/2041-8205/725/2/L176},
   adsurl = {http://adsabs.harvard.edu/abs/2010ApJ...725L.176J},
  adsnote = {Provided by the SAO/NASA Astrophysics Data System}
}

@ARTICLE{Jones2013,
   author = {{Jones}, T. and {Ellis}, R.~S. and {Richard}, J. and {Jullo}, E.
	},
    title = "{The Origin and Evolution of Metallicity Gradients: Probing the Mode of Mass Assembly at z \~{}= 2}",
  journal = {\apj},
archivePrefix = "arXiv",
   eprint = {1207.4489},
 keywords = {galaxies: abundances, galaxies: evolution, galaxies: high-redshift },
     year = 2013,
    month = mar,
   volume = 765,
      eid = {48},
    pages = {48},
      doi = {10.1088/0004-637X/765/1/48},
   adsurl = {http://adsabs.harvard.edu/abs/2013ApJ...765...48J},
  adsnote = {Provided by the SAO/NASA Astrophysics Data System}
}

@ARTICLE{Kennicutt1998,
   author = {{Kennicutt}, Jr., R.~C.},
    title = "{Star Formation in Galaxies Along the Hubble Sequence}",
  journal = {\araa},
   eprint = {astro-ph/9807187},
     year = 1998,
   volume = 36,
    pages = {189-232},
      doi = {10.1146/annurev.astro.36.1.189},
   adsurl = {http://adsabs.harvard.edu/abs/1998ARA%26A..36..189K},
  adsnote = {Provided by the SAO/NASA Astrophysics Data System}
}

@ARTICLE{Keres2009,
   author = {{Kere{\v s}}, D. and {Katz}, N. and {Fardal}, M. and {Dav{\'e}}, R. and 
	{Weinberg}, D.~H.},
    title = "{Galaxies in a simulated {$\Lambda$}CDM Universe - I. Cold mode and hot cores}",
  journal = {\mnras},
archivePrefix = "arXiv",
   eprint = {0809.1430},
 keywords = {cooling flows , galaxies: evolution , galaxies: formation , galaxies: haloes , intergalactic medium},
     year = 2009,
    month = may,
   volume = 395,
    pages = {160-179},
      doi = {10.1111/j.1365-2966.2009.14541.x},
   adsurl = {http://adsabs.harvard.edu/abs/2009MNRAS.395..160K},
  adsnote = {Provided by the SAO/NASA Astrophysics Data System}
}

@ARTICLE{Kirby2011,
   author = {{Kirby}, E.~N. and {Cohen}, J.~G. and {Smith}, G.~H. and {Majewski}, S.~R. and 
	{Sohn}, S.~T. and {Guhathakurta}, P.},
    title = "{Multi-element Abundance Measurements from Medium-resolution Spectra. IV. Alpha Element Distributions in Milky Way Satellite Galaxies}",
  journal = {\apj},
archivePrefix = "arXiv",
   eprint = {1011.5221},
 primaryClass = "astro-ph.GA",
 keywords = {galaxies: abundances, galaxies: dwarf, galaxies: evolution, Local Group},
     year = 2011,
    month = feb,
   volume = 727,
      eid = {79},
    pages = {79},
      doi = {10.1088/0004-637X/727/2/79},
   adsurl = {http://adsabs.harvard.edu/abs/2011ApJ...727...79K},
  adsnote = {Provided by the SAO/NASA Astrophysics Data System}
}

@ARTICLE{Kriek2009,
   author = {{Kriek}, M. and {van Dokkum}, P.~G. and {Labb{\'e}}, I. and 
	{Franx}, M. and {Illingworth}, G.~D. and {Marchesini}, D. and 
	{Quadri}, R.~F.},
    title = "{An Ultra-Deep Near-Infrared Spectrum of a Compact Quiescent Galaxy at z = 2.2}",
  journal = {\apj},
archivePrefix = "arXiv",
   eprint = {0905.1692},
 primaryClass = "astro-ph.CO",
 keywords = {galaxies: evolution, galaxies: formation, galaxies: high-redshift},
     year = 2009,
    month = jul,
   volume = 700,
    pages = {221-231},
      doi = {10.1088/0004-637X/700/1/221},
   adsurl = {http://adsabs.harvard.edu/abs/2009ApJ...700..221K},
  adsnote = {Provided by the SAO/NASA Astrophysics Data System}
}

@ARTICLE{Kulas2013,
   author = {{Kulas}, K.~R. and {McLean}, I.~S. and {Shapley}, A.~E. and 
	{Steidel}, C.~C. and {Konidaris}, N.~P. and {Matthews}, K. and 
	{Mace}, G.~N. and {Rudie}, G.~C. and {Trainor}, R.~F. and {Reddy}, N.~A.
	},
    title = "{The Mass-Metallicity Relation of a z \~{} 2 Protocluster with MOSFIRE}",
  journal = {\apj},
archivePrefix = "arXiv",
   eprint = {1306.6334},
 keywords = {galaxies: abundances, galaxies: clusters: general, galaxies: evolution, galaxies: formation, galaxies: high-redshift },
     year = 2013,
    month = sep,
   volume = 774,
      eid = {130},
    pages = {130},
      doi = {10.1088/0004-637X/774/2/130},
   adsurl = {http://adsabs.harvard.edu/abs/2013ApJ...774..130K},
  adsnote = {Provided by the SAO/NASA Astrophysics Data System}
}

@ARTICLE{Lamareille2010,
   author = {{Lamareille}, F.},
    title = "{Spectral classification of emission-line galaxies from the Sloan Digital Sky Survey. I. An improved classification for high-redshift galaxies}",
  journal = {\aap},
archivePrefix = "arXiv",
   eprint = {0910.4814},
 keywords = {galaxies: fundamental parameters},
     year = 2010,
    month = jan,
   volume = 509,
      eid = {A53},
    pages = {A53},
      doi = {10.1051/0004-6361/200913168},
   adsurl = {http://adsabs.harvard.edu/abs/2010A%26A...509A..53L},
  adsnote = {Provided by the SAO/NASA Astrophysics Data System}
}

@ARTICLE{Lequeux1979,
   author = {{Lequeux}, J. and {Peimbert}, M. and {Rayo}, J.~F. and {Serrano}, A. and 
	{Torres-Peimbert}, S.},
    title = "{Chemical composition and evolution of irregular and blue compact galaxies}",
  journal = {\aap},
 keywords = {Astronomical Photometry, Chemical Composition, Compact Galaxies, Galactic Evolution, Galactic Structure, Stellar Spectrophotometry, Abundance, Carbon, H Ii Regions, Heavy Elements, Hydrogen Ions, Nitrogen, Oxygen},
     year = 1979,
    month = dec,
   volume = 80,
    pages = {155-166},
   adsurl = {http://adsabs.harvard.edu/abs/1979A%26A....80..155L},
  adsnote = {Provided by the SAO/NASA Astrophysics Data System}
}

@ARTICLE{Limousin2012,
   author = {{Limousin}, M. and {Ebeling}, H. and {Richard}, J. and {Swinbank}, A.~M. and 
	{Smith}, G.~P. and {Jauzac}, M. and {Rodionov}, S. and {Ma}, C.-J. and 
	{Smail}, I. and {Edge}, A.~C. and {Jullo}, E. and {Kneib}, J.-P.
	},
    title = "{Strong lensing by a node of the cosmic web. The core of MACS J0717.5+3745 at z = 0.55}",
  journal = {\aap},
archivePrefix = "arXiv",
   eprint = {1109.3301},
 keywords = {gravitational lensing: strong, galaxies: clusters: individual: MACS J0717.5+3745, large-scale structure of Universe, dark matter},
     year = 2012,
    month = aug,
   volume = 544,
      eid = {A71},
    pages = {A71},
      doi = {10.1051/0004-6361/201117921},
   adsurl = {http://adsabs.harvard.edu/abs/2012A%26A...544A..71L},
  adsnote = {Provided by the SAO/NASA Astrophysics Data System}
}

@ARTICLE{Maciel2003,
   author = {{Maciel}, W.~J. and {Costa}, R.~D.~D. and {Uchida}, M.~M.~M.
	},
    title = "{An estimate of the time variation of the O/H radial gradient from planetary nebulae}",
  journal = {\aap},
   eprint = {astro-ph/0210470},
 keywords = {Galaxy: abundances, Galaxy: evolution, planetary nebulae: general},
     year = 2003,
    month = jan,
   volume = 397,
    pages = {667-674},
      doi = {10.1051/0004-6361:20021530},
   adsurl = {http://adsabs.harvard.edu/abs/2003A%26A...397..667M},
  adsnote = {Provided by the SAO/NASA Astrophysics Data System}
}

@ARTICLE{Magrini2007,
   author = {{Magrini}, L. and {Corbelli}, E. and {Galli}, D.},
    title = "{The building up of the disk galaxy M{\thinsp}33 and the evolution of the metallicity gradient}",
  journal = {\aap},
archivePrefix = "arXiv",
   eprint = {0704.3187},
 keywords = {galaxies: abundances, galaxies: evolution, galaxies: individual: M 33},
     year = 2007,
    month = aug,
   volume = 470,
    pages = {843-855},
      doi = {10.1051/0004-6361:20077215},
   adsurl = {http://adsabs.harvard.edu/abs/2007A%26A...470..843M},
  adsnote = {Provided by the SAO/NASA Astrophysics Data System}
}

@ARTICLE{Maiolino2008,
   author = {{Maiolino}, R. and {Nagao}, T. and {Grazian}, A. and {Cocchia}, F. and 
	{Marconi}, A. and {Mannucci}, F. and {Cimatti}, A. and {Pipino}, A. and 
	{Ballero}, S. and {Calura}, F. and {Chiappini}, C. and {Fontana}, A. and 
	{Granato}, G.~L. and {Matteucci}, F. and {Pastorini}, G. and 
	{Pentericci}, L. and {Risaliti}, G. and {Salvati}, M. and {Silva}, L.
	},
    title = "{AMAZE. I. The evolution of the mass-metallicity relation at z $\gt$ 3}",
  journal = {\aap},
archivePrefix = "arXiv",
   eprint = {0806.2410},
 keywords = {ISM: abundances, galaxies: abundances, galaxies: evolution, galaxies: high-redshift, galaxies: starburst},
     year = 2008,
    month = sep,
   volume = 488,
    pages = {463-479},
      doi = {10.1051/0004-6361:200809678},
   adsurl = {http://adsabs.harvard.edu/abs/2008A%26A...488..463M},
  adsnote = {Provided by the SAO/NASA Astrophysics Data System}
}

@ARTICLE{Nelson2012,
   author = {{Nelson}, E.~J. and {van Dokkum}, P.~G. and {Brammer}, G. and 
	{F{\"o}rster Schreiber}, N. and {Franx}, M. and {Fumagalli}, M. and 
	{Patel}, S. and {Rix}, H.-W. and {Skelton}, R.~E. and {Bezanson}, R. and 
	{Da Cunha}, E. and {Kriek}, M. and {Labbe}, I. and {Lundgren}, B. and 
	{Quadri}, R. and {Schmidt}, K.~B.},
    title = "{Spatially Resolved H{$\alpha$} Maps and Sizes of 57 Strongly Star-forming Galaxies at z \~{} 1 from 3D-HST: Evidence for Rapid Inside-out Assembly of Disk Galaxies}",
  journal = {\apjl},
archivePrefix = "arXiv",
   eprint = {1202.1822},
 keywords = {galaxies: evolution, galaxies: formation, galaxies: high-redshift},
     year = 2012,
    month = mar,
   volume = 747,
      eid = {L28},
    pages = {L28},
      doi = {10.1088/2041-8205/747/2/L28},
   adsurl = {http://adsabs.harvard.edu/abs/2012ApJ...747L..28N},
  adsnote = {Provided by the SAO/NASA Astrophysics Data System}
}

@ARTICLE{Newman2012,
   author = {{Newman}, S.~F. and {Buschkamp}, P. and {Genzel}, R. and {F{\"o}rster Schreiber}, N.~M. and 
	{Kurk}, J. and {Sternberg}, A. and {Gnat}, O. and {Rosario}, D. and 
	{Mancini}, C. and {Lilly}, S.~J. and {Renzini}, A. and {Burkert}, A. and 
	{Carollo}, C.~M. and {Cresci}, G. and {Davies}, R. and {Eisenhauer}, F. and 
	{Genel}, S. and {Shapiro Griffin}, K. and {Hicks}, E.~K.~S. and 
	{Lutz}, D. and {Naab}, T. and {Peng}, Y. and {Tacconi}, L.~J. and 
	{Wuyts}, S. and {Zamorani}, G. and {Vergani}, D. and {Weiner}, B.~J.
	},
    title = "{Nebular Excitation in z \~{} 2 Star-forming Galaxies from the SINS and LUCI Surveys: The Influence of Shocks and Active Galactic Nuclei}",
  journal = {\apj},
archivePrefix = "arXiv",
   eprint = {1306.6676},
 keywords = {galaxies: evolution, galaxies: high-redshift, infrared: galaxies},
     year = 2014,
    month = jan,
   volume = 781,
      eid = {21},
    pages = {21},
      doi = {10.1088/0004-637X/781/1/21},
   adsurl = {http://adsabs.harvard.edu/abs/2014ApJ...781...21N},
  adsnote = {Provided by the SAO/NASA Astrophysics Data System}
}

@ARTICLE{Newman2014,
   author = {{Newman}, S.~F. and {Genzel}, R. and {F{\"o}rster-Schreiber}, N.~M. and 
	{Shapiro Griffin}, K. and {Mancini}, C. and {Lilly}, S.~J. and 
	{Renzini}, A. and {Bouch{\'e}}, N. and {Burkert}, A. and {Buschkamp}, P. and 
	{Carollo}, C.~M. and {Cresci}, G. and {Davies}, R. and {Eisenhauer}, F. and 
	{Genel}, S. and {Hicks}, E.~K.~S. and {Kurk}, J. and {Lutz}, D. and 
	{Naab}, T. and {Peng}, Y. and {Sternberg}, A. and {Tacconi}, L.~J. and 
	{Vergani}, D. and {Wuyts}, S. and {Zamorani}, G.},
    title = "{The SINS/zC-SINF Survey of z \~{} 2 Galaxy Kinematics: Outflow Properties}",
  journal = {\apj},
archivePrefix = "arXiv",
   eprint = {1207.5897},
 keywords = {cosmology: observations, galaxies: evolution, galaxies: high-redshift, infrared: galaxies},
     year = 2012,
    month = dec,
   volume = 761,
      eid = {43},
    pages = {43},
      doi = {10.1088/0004-637X/761/1/43},
   adsurl = {http://adsabs.harvard.edu/abs/2012ApJ...761...43N},
  adsnote = {Provided by the SAO/NASA Astrophysics Data System}
}

@ARTICLE{Pettini2004,
   author = {{Pettini}, M. and {Pagel}, B.~E.~J.},
    title = "{[OIII]/[NII] as an abundance indicator at high redshift}",
  journal = {\mnras},
   eprint = {astro-ph/0401128},
 keywords = {ISM: abundances, HII regions, galaxies: abundances},
     year = 2004,
    month = mar,
   volume = 348,
    pages = {L59-L63},
      doi = {10.1111/j.1365-2966.2004.07591.x},
   adsurl = {http://adsabs.harvard.edu/abs/2004MNRAS.348L..59P},
  adsnote = {Provided by the SAO/NASA Astrophysics Data System}
}

@ARTICLE{Pilkington2012,
   author = {{Pilkington}, K. and {Few}, C.~G. and {Gibson}, B.~K. and {Calura}, F. and 
	{Michel-Dansac}, L. and {Thacker}, R.~J. and {Moll{\'a}}, M. and 
	{Matteucci}, F. and {Rahimi}, A. and {Kawata}, D. and {Kobayashi}, C. and 
	{Brook}, C.~B. and {Stinson}, G.~S. and {Couchman}, H.~M.~P. and 
	{Bailin}, J. and {Wadsley}, J.},
    title = "{Metallicity gradients in disks. Do galaxies form inside-out?}",
  journal = {\aap},
archivePrefix = "arXiv",
   eprint = {1201.6359},
 keywords = {galaxies: abundances, galaxies: evolution, galaxies: formation, Galaxy: disk},
     year = 2012,
    month = apr,
   volume = 540,
      eid = {A56},
    pages = {A56},
      doi = {10.1051/0004-6361/201117466},
   adsurl = {http://adsabs.harvard.edu/abs/2012A%26A...540A..56P},
  adsnote = {Provided by the SAO/NASA Astrophysics Data System}
}

@ARTICLE{Planck2013,
   author = {{Planck Collaboration} and {Ade}, P.~A.~R. and {Aghanim}, N. and 
	{Armitage-Caplan}, C. and {Arnaud}, M. and {Ashdown}, M. and 
	{Atrio-Barandela}, F. and {Aumont}, J. and {Baccigalupi}, C. and 
	{Banday}, A.~J. and et al.},
    title = "{Planck 2013 results. XVI. Cosmological parameters}",
  journal = {\aap},
archivePrefix = "arXiv",
   eprint = {1303.5076},
 keywords = {cosmic background radiation, cosmological parameters, early Universe, inflation, primordial nucleosynthesis},
     year = 2014,
    month = nov,
   volume = 571,
      eid = {A16},
    pages = {A16},
      doi = {10.1051/0004-6361/201321591},
   adsurl = {http://adsabs.harvard.edu/abs/2014A%26A...571A..16P},
  adsnote = {Provided by the SAO/NASA Astrophysics Data System}
}

@ARTICLE{Postman2012,
   author = {{Postman}, M. and {Coe}, D. and {Ben{\'{\i}}tez}, N. and {Bradley}, L. and 
	{Broadhurst}, T. and {Donahue}, M. and {Ford}, H. and {Graur}, O. and 
	{Graves}, G. and {Jouvel}, S. and {Koekemoer}, A. and {Lemze}, D. and 
	{Medezinski}, E. and {Molino}, A. and {Moustakas}, L. and {Ogaz}, S. and 
	{Riess}, A. and {Rodney}, S. and {Rosati}, P. and {Umetsu}, K. and 
	{Zheng}, W. and {Zitrin}, A. and {Bartelmann}, M. and {Bouwens}, R. and 
	{Czakon}, N. and {Golwala}, S. and {Host}, O. and {Infante}, L. and 
	{Jha}, S. and {Jimenez-Teja}, Y. and {Kelson}, D. and {Lahav}, O. and 
	{Lazkoz}, R. and {Maoz}, D. and {McCully}, C. and {Melchior}, P. and 
	{Meneghetti}, M. and {Merten}, J. and {Moustakas}, J. and {Nonino}, M. and 
	{Patel}, B. and {Reg{\"o}s}, E. and {Sayers}, J. and {Seitz}, S. and 
	{Van der Wel}, A.},
    title = "{The Cluster Lensing and Supernova Survey with Hubble: An Overview}",
  journal = {\apjs},
archivePrefix = "arXiv",
   eprint = {1106.3328},
 keywords = {dark energy, dark matter, Galaxy: evolution, Galaxy: formation, gravitational lensing: strong, gravitational lensing: weak},
     year = 2012,
    month = apr,
   volume = 199,
      eid = {25},
    pages = {25},
      doi = {10.1088/0067-0049/199/2/25},
   adsurl = {http://adsabs.harvard.edu/abs/2012ApJS..199...25P},
  adsnote = {Provided by the SAO/NASA Astrophysics Data System}
}

@ARTICLE{Prantzos2000,
   author = {{Prantzos}, N. and {Boissier}, S.},
    title = "{Chemo-spectrophotometric evolution of spiral galaxies - III. Abundance and colour gradients in discs}",
  journal = {\mnras},
   eprint = {astro-ph/9911111},
 keywords = {GALAXIES: ABUNDANCES, GALAXIES: EVOLUTION, GALAXIES: GENERAL, GALAXIES: PHOTOMETRY, GALAXIES: SPIRAL},
     year = 2000,
    month = apr,
   volume = 313,
    pages = {338-346},
      doi = {10.1046/j.1365-8711.2000.03228.x},
   adsurl = {http://adsabs.harvard.edu/abs/2000MNRAS.313..338P},
  adsnote = {Provided by the SAO/NASA Astrophysics Data System}
}

@ARTICLE{Queyrel2012,
   author = {{Queyrel}, J. and {Contini}, T. and {Kissler-Patig}, M. and 
	{Epinat}, B. and {Amram}, P. and {Garilli}, B. and {Le F{\`e}vre}, O. and 
	{Moultaka}, J. and {Paioro}, L. and {Tasca}, L. and {Tresse}, L. and 
	{Vergani}, D. and {L{\'o}pez-Sanjuan}, C. and {Perez-Montero}, E.
	},
    title = "{MASSIV: Mass Assembly Survey with SINFONI in VVDS. III. Evidence for positive metallicity gradients in z \~{} 1.2 star-forming galaxies}",
  journal = {\aap},
archivePrefix = "arXiv",
   eprint = {1111.3697},
 keywords = {galaxies: evolution, galaxies: abundances, galaxies: high-redshift},
     year = 2012,
    month = mar,
   volume = 539,
      eid = {A93},
    pages = {A93},
      doi = {10.1051/0004-6361/201117718},
   adsurl = {http://adsabs.harvard.edu/abs/2012A%26A...539A..93Q},
  adsnote = {Provided by the SAO/NASA Astrophysics Data System}
}

@ARTICLE{Rich2012,
   author = {{Rich}, J.~A. and {Torrey}, P. and {Kewley}, L.~J. and {Dopita}, M.~A. and 
	{Rupke}, D.~S.~N.},
    title = "{An Integral Field Study of Abundance Gradients in nearby Luminous Infrared Galaxies}",
  journal = {\apj},
archivePrefix = "arXiv",
   eprint = {1204.5520},
 keywords = {galaxies: abundances, galaxies: interactions, infrared: galaxies},
     year = 2012,
    month = jul,
   volume = 753,
      eid = {5},
    pages = {5},
      doi = {10.1088/0004-637X/753/1/5},
   adsurl = {http://adsabs.harvard.edu/abs/2012ApJ...753....5R},
  adsnote = {Provided by the SAO/NASA Astrophysics Data System}
}

@ARTICLE{Rupke2010a,
   author = {{Rupke}, D.~S.~N. and {Kewley}, L.~J. and {Barnes}, J.~E.},
    title = "{Galaxy Mergers and the Mass-Metallicity Relation: Evidence for Nuclear Metal Dilution and Flattened Gradients from Numerical Simulations}",
  journal = {\apjl},
archivePrefix = "arXiv",
   eprint = {1001.1728},
 keywords = {galaxies: abundances, galaxies: evolution, galaxies: interactions, galaxies: ISM},
     year = 2010,
    month = feb,
   volume = 710,
    pages = {L156-L160},
      doi = {10.1088/2041-8205/710/2/L156},
   adsurl = {http://adsabs.harvard.edu/abs/2010ApJ...710L.156R},
  adsnote = {Provided by the SAO/NASA Astrophysics Data System}
}

@ARTICLE{Rupke2010b,
   author = {{Rupke}, D.~S.~N. and {Kewley}, L.~J. and {Chien}, L.-H.},
    title = "{Gas-phase Oxygen Gradients in Strongly Interacting Galaxies. I. Early-stage Interactions}",
  journal = {\apj},
archivePrefix = "arXiv",
   eprint = {1009.0761},
 keywords = {galaxies: abundances, galaxies: evolution, galaxies: interactions, galaxies: ISM},
     year = 2010,
    month = nov,
   volume = 723,
    pages = {1255-1271},
      doi = {10.1088/0004-637X/723/2/1255},
   adsurl = {http://adsabs.harvard.edu/abs/2010ApJ...723.1255R},
  adsnote = {Provided by the SAO/NASA Astrophysics Data System}
}

@ARTICLE{Sanchez2014,
   author = {{S{\'a}nchez}, S.~F. and {Rosales-Ortega}, F.~F. and {Iglesias-P{\'a}ramo}, J. and 
	{Moll{\'a}}, M. and {Barrera-Ballesteros}, J. and {Marino}, R.~A. and 
	{P{\'e}rez}, E. and {S{\'a}nchez-Blazquez}, P. and {Gonz{\'a}lez Delgado}, R. and 
	{Cid Fernandes}, R. and {de Lorenzo-C{\'a}ceres}, A. and {Mendez-Abreu}, J. and 
	{Galbany}, L. and {Falcon-Barroso}, J. and {Miralles-Caballero}, D. and 
	{Husemann}, B. and {Garc{\'{\i}}a-Benito}, R. and {Mast}, D. and 
	{Walcher}, C.~J. and {Gil de Paz}, A. and {Garc{\'{\i}}a-Lorenzo}, B. and 
	{Jungwiert}, B. and {V{\'{\i}}lchez}, J.~M. and {J{\'{\i}}lkov{\'a}}, L. and 
	{Lyubenova}, M. and {Cortijo-Ferrero}, C. and {D{\'{\i}}az}, A.~I. and 
	{Wisotzki}, L. and {M{\'a}rquez}, I. and {Bland-Hawthorn}, J. and 
	{Ellis}, S. and {van de Ven}, G. and {Jahnke}, K. and {Papaderos}, P. and 
	{Gomes}, J.~M. and {Mendoza}, M.~A. and {L{\'o}pez-S{\'a}nchez}, {\'A}.~R.
	},
    title = "{A characteristic oxygen abundance gradient in galaxy disks unveiled with CALIFA}",
  journal = {\aap},
archivePrefix = "arXiv",
   eprint = {1311.7052},
 keywords = {HII regions, galaxies: ISM, ISM: abundances, galaxies: abundances, galaxies: evolution, galaxies: star formation},
     year = 2014,
    month = mar,
   volume = 563,
      eid = {A49},
    pages = {A49},
      doi = {10.1051/0004-6361/201322343},
   adsurl = {http://adsabs.harvard.edu/abs/2014A%26A...563A..49S},
  adsnote = {Provided by the SAO/NASA Astrophysics Data System}
}

@ARTICLE{Schmidt2014,
   author = {{Schmidt}, K.~B. and {Treu}, T. and {Brammer}, G.~B. and {Brada{\v c}}, M. and 
	{Wang}, X. and {Dijkstra}, M. and {Dressler}, A. and {Fontana}, A. and 
	{Gavazzi}, R. and {Henry}, A.~L. and {Hoag}, A. and {Jones}, T.~A. and 
	{Kelly}, P.~L. and {Malkan}, M.~A. and {Mason}, C. and {Pentericci}, L. and 
	{Poggianti}, B. and {Stiavelli}, M. and {Trenti}, M. and {von der Linden}, A. and 
	{Vulcani}, B.},
    title = "{Through the Looking GLASS: HST Spectroscopy of Faint Galaxies Lensed by the Frontier Fields Cluster MACSJ0717.5+3745}",
  journal = {\apjl},
archivePrefix = "arXiv",
   eprint = {1401.0532},
 keywords = {galaxies: clusters: individual: MACSJ0717.5+3745, galaxies: evolution, galaxies: high-redshift},
     year = 2014,
    month = feb,
   volume = 782,
      eid = {L36},
    pages = {L36},
      doi = {10.1088/2041-8205/782/2/L36},
   adsurl = {http://adsabs.harvard.edu/abs/2014ApJ...782L..36S},
  adsnote = {Provided by the SAO/NASA Astrophysics Data System}
}

@ARTICLE{Shapley2014,
   author = {{Shapley}, A.~E. and {Reddy}, N.~A. and {Kriek}, M. and {Freeman}, W.~R. and 
	{Sanders}, R.~L. and {Siana}, B. and {Coil}, A.~L. and {Mobasher}, B. and 
	{Shivaei}, I. and {Price}, S.~H. and {de Groot}, L.},
    title = "{The MOSDEF Survey: Excitation Properties of z {\tilde} 2.3 Star-forming Galaxies}",
  journal = {\apj},
archivePrefix = "arXiv",
   eprint = {1409.7071},
 keywords = {galaxies: evolution, galaxies: high-redshift, galaxies: ISM},
     year = 2015,
    month = mar,
   volume = 801,
      eid = {88},
    pages = {88},
      doi = {10.1088/0004-637X/801/2/88},
   adsurl = {http://adsabs.harvard.edu/abs/2015ApJ...801...88S},
  adsnote = {Provided by the SAO/NASA Astrophysics Data System}
}

@ARTICLE{Shen2014,
   author = {{Shen}, S. and {Madau}, P. and {Conroy}, C. and {Governato}, F. and 
	{Mayer}, L.},
    title = "{The Baryon Cycle of Dwarf Galaxies: Dark, Bursty, Gas-rich Polluters}",
  journal = {\apj},
archivePrefix = "arXiv",
   eprint = {1308.4131},
 keywords = {galaxies: dwarf, galaxies: formation, intergalactic medium, methods: numerical},
     year = 2014,
    month = sep,
   volume = 792,
      eid = {99},
    pages = {99},
      doi = {10.1088/0004-637X/792/2/99},
   adsurl = {http://adsabs.harvard.edu/abs/2014ApJ...792...99S},
  adsnote = {Provided by the SAO/NASA Astrophysics Data System}
}

@ARTICLE{Stark2014,
   author = {{Stark}, D.~P. and {Richard}, J. and {Siana}, B. and {Charlot}, S. and 
	{Freeman}, W.~R. and {Gutkin}, J. and {Wofford}, A. and {Robertson}, B. and 
	{Amanullah}, R. and {Watson}, D. and {Milvang-Jensen}, B.},
    title = "{Ultraviolet emission lines in young low-mass galaxies at z {\sime} 2: physical properties and implications for studies at z $\gt$ 7}",
  journal = {\mnras},
archivePrefix = "arXiv",
   eprint = {1408.1420},
 keywords = {galaxies: evolution, galaxies: formation, galaxies: high-redshift, cosmology: observations},
     year = 2014,
    month = dec,
   volume = 445,
    pages = {3200-3220},
      doi = {10.1093/mnras/stu1618},
   adsurl = {http://adsabs.harvard.edu/abs/2014MNRAS.445.3200S},
  adsnote = {Provided by the SAO/NASA Astrophysics Data System}
}

@ARTICLE{Steidel2014,
   author = {{Steidel}, C.~C. and {Rudie}, G.~C. and {Strom}, A.~L. and {Pettini}, M. and 
	{Reddy}, N.~A. and {Shapley}, A.~E. and {Trainor}, R.~F. and 
	{Erb}, D.~K. and {Turner}, M.~L. and {Konidaris}, N.~P. and 
	{Kulas}, K.~R. and {Mace}, G. and {Matthews}, K. and {McLean}, I.~S.
	},
    title = "{Strong Nebular Line Ratios in the Spectra of z \~{} 2-3 Star Forming Galaxies: First Results from KBSS-MOSFIRE}",
  journal = {\apj},
archivePrefix = "arXiv",
   eprint = {1405.5473},
 keywords = {cosmology: observations, galaxies: abundances, galaxies: evolution, galaxies: formation, galaxies: fundamental parameters, galaxies: high-redshift, galaxies: starburst, instrumentation: spectrographs},
     year = 2014,
    month = nov,
   volume = 795,
      eid = {165},
    pages = {165},
      doi = {10.1088/0004-637X/795/2/165},
   adsurl = {http://adsabs.harvard.edu/abs/2014ApJ...795..165S},
  adsnote = {Provided by the SAO/NASA Astrophysics Data System}
}

@ARTICLE{Stinson2010,
   author = {{Stinson}, G.~S. and {Bailin}, J. and {Couchman}, H. and {Wadsley}, J. and 
	{Shen}, S. and {Nickerson}, S. and {Brook}, C. and {Quinn}, T.
	},
    title = "{Cosmological galaxy formation simulations using smoothed particle hydrodynamics}",
  journal = {\mnras},
archivePrefix = "arXiv",
   eprint = {1004.0675},
 keywords = {methods: numerical, galaxies: evolution, galaxies: formation},
     year = 2010,
    month = oct,
   volume = 408,
    pages = {812-826},
      doi = {10.1111/j.1365-2966.2010.17187.x},
   adsurl = {http://adsabs.harvard.edu/abs/2010MNRAS.408..812S},
  adsnote = {Provided by the SAO/NASA Astrophysics Data System}
}

@ARTICLE{Stott2013,
   author = {{Stott}, J.~P. and {Sobral}, D. and {Smail}, I. and {Bower}, R. and 
	{Best}, P.~N. and {Geach}, J.~E.},
    title = "{The merger rates and sizes of galaxies across the peak epoch of star formation from the HiZELS survey}",
  journal = {\mnras},
archivePrefix = "arXiv",
   eprint = {1212.4834},
 primaryClass = "astro-ph.CO",
 keywords = {galaxies: evolution, galaxies: interactions, galaxies: star formation},
     year = 2013,
    month = apr,
   volume = 430,
    pages = {1158-1170},
      doi = {10.1093/mnras/sts684},
   adsurl = {http://adsabs.harvard.edu/abs/2013MNRAS.430.1158S},
  adsnote = {Provided by the SAO/NASA Astrophysics Data System}
}

@ARTICLE{Stott2014,
   author = {{Stott}, J.~P. and {Sobral}, D. and {Swinbank}, A.~M. and {Smail}, I. and 
	{Bower}, R. and {Best}, P.~N. and {Sharples}, R.~M. and {Geach}, J.~E. and 
	{Matthee}, J.},
    title = "{A relationship between specific star formation rate and metallicity gradient within z {\tilde} 1 galaxies from KMOS-HiZELS}",
  journal = {\mnras},
archivePrefix = "arXiv",
   eprint = {1407.1047},
 keywords = {galaxies: abundances, galaxies: evolution, galaxies: kinematics and dynamics},
     year = 2014,
    month = sep,
   volume = 443,
    pages = {2695-2704},
      doi = {10.1093/mnras/stu1343},
   adsurl = {http://adsabs.harvard.edu/abs/2014MNRAS.443.2695S},
  adsnote = {Provided by the SAO/NASA Astrophysics Data System}
}

@ARTICLE{Swinbank2012,
   author = {{Swinbank}, A.~M. and {Sobral}, D. and {Smail}, I. and {Geach}, J.~E. and 
	{Best}, P.~N. and {McCarthy}, I.~G. and {Crain}, R.~A. and {Theuns}, T.
	},
    title = "{The properties of the star-forming interstellar medium at z = 0.84-2.23 from HiZELS: mapping the internal dynamics and metallicity gradients in high-redshift disc galaxies}",
  journal = {\mnras},
archivePrefix = "arXiv",
   eprint = {1209.1395},
 primaryClass = "astro-ph.CO",
 keywords = {galaxies: evolution, galaxies: formation, galaxies: high-redshift},
     year = 2012,
    month = oct,
   volume = 426,
    pages = {935-950},
      doi = {10.1111/j.1365-2966.2012.21774.x},
   adsurl = {http://adsabs.harvard.edu/abs/2012MNRAS.426..935S},
  adsnote = {Provided by the SAO/NASA Astrophysics Data System}
}

@ARTICLE{Torrey2012,
   author = {{Torrey}, P. and {Cox}, T.~J. and {Kewley}, L. and {Hernquist}, L.
	},
    title = "{The Metallicity Evolution of Interacting Galaxies}",
  journal = {\apj},
archivePrefix = "arXiv",
   eprint = {1107.0001},
 keywords = {galaxies: abundances, galaxies: evolution, galaxies: interactions, galaxies: ISM},
     year = 2012,
    month = feb,
   volume = 746,
      eid = {108},
    pages = {108},
      doi = {10.1088/0004-637X/746/1/108},
   adsurl = {http://adsabs.harvard.edu/abs/2012ApJ...746..108T},
  adsnote = {Provided by the SAO/NASA Astrophysics Data System}
}

@ARTICLE{Tremonti2004,
   author = {{Tremonti}, C.~A. and {Heckman}, T.~M. and {Kauffmann}, G. and 
	{Brinchmann}, J. and {Charlot}, S. and {White}, S.~D.~M. and 
	{Seibert}, M. and {Peng}, E.~W. and {Schlegel}, D.~J. and {Uomoto}, A. and 
	{Fukugita}, M. and {Brinkmann}, J.},
    title = "{The Origin of the Mass-Metallicity Relation: Insights from 53,000 Star-forming Galaxies in the Sloan Digital Sky Survey}",
  journal = {\apj},
   eprint = {astro-ph/0405537},
 keywords = {Galaxies: Abundances, Galaxies: Evolution, Galaxies: Fundamental Parameters, Galaxies: Statistics},
     year = 2004,
    month = oct,
   volume = 613,
    pages = {898-913},
      doi = {10.1086/423264},
   adsurl = {http://adsabs.harvard.edu/abs/2004ApJ...613..898T},
  adsnote = {Provided by the SAO/NASA Astrophysics Data System}
}

@ARTICLE{Troncoso2014,
   author = {{Troncoso}, P. and {Maiolino}, R. and {Sommariva}, V. and {Cresci}, G. and 
	{Mannucci}, F. and {Marconi}, A. and {Meneghetti}, M. and {Grazian}, A. and 
	{Cimatti}, A. and {Fontana}, A. and {Nagao}, T. and {Pentericci}, L.
	},
    title = "{Metallicity evolution, metallicity gradients, and gas fractions at z \~{} 3.4}",
  journal = {\aap},
archivePrefix = "arXiv",
   eprint = {1311.4576},
 keywords = {Galaxy: evolution, galaxies: high-redshift, galaxies: abundances, galaxies: star formation, galaxies: ISM, infrared: ISM},
     year = 2014,
    month = mar,
   volume = 563,
      eid = {A58},
    pages = {A58},
      doi = {10.1051/0004-6361/201322099},
   adsurl = {http://adsabs.harvard.edu/abs/2014A%26A...563A..58T},
  adsnote = {Provided by the SAO/NASA Astrophysics Data System}
}

@ARTICLE{Trump2011,
   author = {{Trump}, J.~R. and {Weiner}, B.~J. and {Scarlata}, C. and {Kocevski}, D.~D. and 
	{Bell}, E.~F. and {McGrath}, E.~J. and {Koo}, D.~C. and {Faber}, S.~M. and 
	{Laird}, E.~S. and {Mozena}, M. and {Rangel}, C. and {Yan}, R. and 
	{Yesuf}, H. and {Atek}, H. and {Dickinson}, M. and {Donley}, J.~L. and 
	{Dunlop}, J.~S. and {Ferguson}, H.~C. and {Finkelstein}, S.~L. and 
	{Grogin}, N.~A. and {Hathi}, N.~P. and {Juneau}, S. and {Kartaltepe}, J.~S. and 
	{Koekemoer}, A.~M. and {Nandra}, K. and {Newman}, J.~A. and 
	{Rodney}, S.~A. and {Straughn}, A.~N. and {Teplitz}, H.~I.},
    title = "{A CANDELS WFC3 Grism Study of Emission-line Galaxies at z \~{} 2: A Mix of Nuclear Activity and Low-metallicity Star Formation}",
  journal = {\apj},
archivePrefix = "arXiv",
   eprint = {1108.6075},
 keywords = {galaxies: abundances, galaxies: active, galaxies: evolution, quasars: emission lines},
     year = 2011,
    month = dec,
   volume = 743,
      eid = {144},
    pages = {144},
      doi = {10.1088/0004-637X/743/2/144},
   adsurl = {http://adsabs.harvard.edu/abs/2011ApJ...743..144T},
  adsnote = {Provided by the SAO/NASA Astrophysics Data System}
}

@ARTICLE{Vila-Costas1992,
   author = {{Vila-Costas}, M.~B. and {Edmunds}, M.~G.},
    title = "{The relation between abundance gradients and the physical properties of spiral galaxies}",
  journal = {\mnras},
 keywords = {Abundance, H Ii Regions, Interstellar Chemistry, Physical Properties, Spiral Galaxies, Astronomical Photometry, Astronomical Spectroscopy, Brightness Distribution, Density Distribution, Galactic Structure, Metallicity},
     year = 1992,
    month = nov,
   volume = 259,
    pages = {121-145},
      doi = {10.1093/mnras/259.1.121},
   adsurl = {http://adsabs.harvard.edu/abs/1992MNRAS.259..121V},
  adsnote = {Provided by the SAO/NASA Astrophysics Data System}
}

@ARTICLE{Weisz2011,
   author = {{Weisz}, D.~R. and {Dalcanton}, J.~J. and {Williams}, B.~F. and 
	{Gilbert}, K.~M. and {Skillman}, E.~D. and {Seth}, A.~C. and 
	{Dolphin}, A.~E. and {McQuinn}, K.~B.~W. and {Gogarten}, S.~M. and 
	{Holtzman}, J. and {Rosema}, K. and {Cole}, A. and {Karachentsev}, I.~D. and 
	{Zaritsky}, D.},
    title = "{The ACS Nearby Galaxy Survey Treasury. VIII. The Global Star Formation Histories of 60 Dwarf Galaxies in the Local Volume}",
  journal = {\apj},
archivePrefix = "arXiv",
   eprint = {1101.1093},
 keywords = {galaxies: dwarf, galaxies: evolution, galaxies: star formation, galaxies: stellar content, Hertzsprung-Russell and C-M diagrams},
     year = 2011,
    month = sep,
   volume = 739,
      eid = {5},
    pages = {5},
      doi = {10.1088/0004-637X/739/1/5},
   adsurl = {http://adsabs.harvard.edu/abs/2011ApJ...739....5W},
  adsnote = {Provided by the SAO/NASA Astrophysics Data System}
}

@ARTICLE{Werk2011,
   author = {{Werk}, J.~K. and {Putman}, M.~E. and {Meurer}, G.~R. and {Santiago-Figueroa}, N.
	},
    title = "{Metal Transport to the Gaseous Outskirts of Galaxies}",
  journal = {\apj},
archivePrefix = "arXiv",
   eprint = {1104.3897},
 keywords = {galaxies: abundances, galaxies: evolution, H II regions, ISM: kinematics and dynamics},
     year = 2011,
    month = jul,
   volume = 735,
      eid = {71},
    pages = {71},
      doi = {10.1088/0004-637X/735/2/71},
   adsurl = {http://adsabs.harvard.edu/abs/2011ApJ...735...71W},
  adsnote = {Provided by the SAO/NASA Astrophysics Data System}
}

@ARTICLE{Whitaker2014b,
   author = {{Whitaker}, K.~E. and {Franx}, M. and {Leja}, J. and {van Dokkum}, P.~G. and 
	{Henry}, A. and {Skelton}, R.~E. and {Fumagalli}, M. and {Momcheva}, I.~G. and 
	{Brammer}, G.~B. and {Labb{\'e}}, I. and {Nelson}, E.~J. and 
	{Rigby}, J.~R.},
    title = "{Constraining the Low-mass Slope of the Star Formation Sequence at 0.5 $\lt$ z $\lt$ 2.5}",
  journal = {\apj},
archivePrefix = "arXiv",
   eprint = {1407.1843},
 keywords = {galaxies: evolution, galaxies: formation, galaxies: high-redshift},
     year = 2014,
    month = nov,
   volume = 795,
      eid = {104},
    pages = {104},
      doi = {10.1088/0004-637X/795/2/104},
   adsurl = {http://adsabs.harvard.edu/abs/2014ApJ...795..104W},
  adsnote = {Provided by the SAO/NASA Astrophysics Data System}
}

@ARTICLE{Whitaker2014,
   author = {{Whitaker}, K.~E. and {Rigby}, J.~R. and {Brammer}, G.~B. and 
	{Gladders}, M.~D. and {Sharon}, K. and {Teng}, S.~H. and {Wuyts}, E.
	},
    title = "{Resolved Star Formation on Sub-galactic Scales in a Merger at z = 1.7}",
  journal = {\apj},
archivePrefix = "arXiv",
   eprint = {1405.0490},
 keywords = {galaxies: interactions, galaxies: starburst, gravitational lensing: strong},
     year = 2014,
    month = aug,
   volume = 790,
      eid = {143},
    pages = {143},
      doi = {10.1088/0004-637X/790/2/143},
   adsurl = {http://adsabs.harvard.edu/abs/2014ApJ...790..143W},
  adsnote = {Provided by the SAO/NASA Astrophysics Data System}
}

@ARTICLE{Wright2010,
   author = {{Wright}, S.~A. and {Larkin}, J.~E. and {Graham}, J.~R. and 
	{Ma}, C.-P.},
    title = "{The Presence of Weak Active Galactic Nuclei in High Redshift Star-forming Galaxies}",
  journal = {\apj},
archivePrefix = "arXiv",
   eprint = {1001.5041},
 keywords = {galaxies: abundances, galaxies: active, galaxies: high-redshift, galaxies: kinematics and dynamics, techniques: high angular resolution},
     year = 2010,
    month = mar,
   volume = 711,
    pages = {1291-1296},
      doi = {10.1088/0004-637X/711/2/1291},
   adsurl = {http://adsabs.harvard.edu/abs/2010ApJ...711.1291W},
  adsnote = {Provided by the SAO/NASA Astrophysics Data System}
}

@ARTICLE{Yang2012,
   author = {{Yang}, C.-C. and {Krumholz}, M.},
    title = "{Thermal-instability-driven Turbulent Mixing in Galactic Disks. I. Effective Mixing of Metals}",
  journal = {\apj},
archivePrefix = "arXiv",
   eprint = {1208.4625},
 keywords = {galaxies: abundances, galaxies: ISM, galaxies: kinematics and dynamics, instabilities, methods: numerical, turbulence},
     year = 2012,
    month = oct,
   volume = 758,
      eid = {48},
    pages = {48},
      doi = {10.1088/0004-637X/758/1/48},
   adsurl = {http://adsabs.harvard.edu/abs/2012ApJ...758...48Y},
  adsnote = {Provided by the SAO/NASA Astrophysics Data System}
}

@ARTICLE{Yuan2011,
   author = {{Yuan}, T.-T. and {Kewley}, L.~J. and {Rich}, J.},
    title = "{Systematics in Metallicity Gradient Measurements. I. Angular Resolution, Signal to Noise, and Annular Binning}",
  journal = {\apj},
archivePrefix = "arXiv",
   eprint = {1302.6232},
 keywords = {galaxies: abundances, galaxies: evolution, galaxies: high-redshift, gravitational lensing: strong},
     year = 2013,
    month = apr,
   volume = 767,
      eid = {106},
    pages = {106},
      doi = {10.1088/0004-637X/767/2/106},
   adsurl = {http://adsabs.harvard.edu/abs/2013ApJ...767..106Y},
  adsnote = {Provided by the SAO/NASA Astrophysics Data System}
}

@ARTICLE{Yuan2012,
   author = {{Yuan}, T.-T. and {Kewley}, L.~J. and {Swinbank}, A.~M. and 
	{Richard}, J.},
    title = "{The A2667 Giant Arc at z = 1.03: Evidence for Large-Scale Shocks at High Redshift}",
  journal = {\apj},
archivePrefix = "arXiv",
   eprint = {1209.3805},
 keywords = {galaxies: abundances, galaxies: evolution, galaxies: high-redshift, gravitational lensing: strong, ISM: jets and outflows},
     year = 2012,
    month = nov,
   volume = 759,
      eid = {66},
    pages = {66},
      doi = {10.1088/0004-637X/759/1/66},
   adsurl = {http://adsabs.harvard.edu/abs/2012ApJ...759...66Y},
  adsnote = {Provided by the SAO/NASA Astrophysics Data System}
}

@ARTICLE{Yuan2013,
   author = {{Yuan}, T.-T. and {Kewley}, L.~J. and {Swinbank}, A.~M. and 
	{Richard}, J. and {Livermore}, R.~C.},
    title = "{Metallicity Gradient of a Lensed Face-on Spiral Galaxy at Redshift 1.49}",
  journal = {\apjl},
archivePrefix = "arXiv",
   eprint = {1103.3277},
 keywords = {galaxies: abundances, galaxies: evolution, galaxies: high-redshift, gravitational lensing: strong},
     year = 2011,
    month = may,
   volume = 732,
      eid = {L14},
    pages = {L14},
      doi = {10.1088/2041-8205/732/1/L14},
   adsurl = {http://adsabs.harvard.edu/abs/2011ApJ...732L..14Y},
  adsnote = {Provided by the SAO/NASA Astrophysics Data System}
}

@ARTICLE{Zolotov2012,
   author = {{Zolotov}, A. and {Brooks}, A.~M. and {Willman}, B. and {Governato}, F. and 
	{Pontzen}, A. and {Christensen}, C. and {Dekel}, A. and {Quinn}, T. and 
	{Shen}, S. and {Wadsley}, J.},
    title = "{Baryons Matter: Why Luminous Satellite Galaxies have Reduced Central Masses}",
  journal = {\apj},
archivePrefix = "arXiv",
   eprint = {1207.0007},
 keywords = {galaxies: dwarf, Galaxy: halo},
     year = 2012,
    month = dec,
   volume = 761,
      eid = {71},
    pages = {71},
      doi = {10.1088/0004-637X/761/1/71},
   adsurl = {http://adsabs.harvard.edu/abs/2012ApJ...761...71Z},
  adsnote = {Provided by the SAO/NASA Astrophysics Data System}
}

